 @article{higgs,
 author = {Claire Adam-Bourdariosa and Glen Cowanb and Cecile Germain and Isabelle Guyond and Balazs Kegl and David Rousseau},
 title = {Learning to discover: the Higgs
boson machine learning challenge},
 journal = {Higgs Challenge},
 year = {2014},
 doi = {https://higgsml.lal.in2p3.fr/files/2014/04/documentation_v1.8.pdf}
 }
